@online{munro_hacking_2015,
	title = {Hacking kettles \& extracting plain text {WPA} {PSKs}. Yes really!},
	url = {https://www.pentestpartners.com/security-blog/hacking-kettles-extracting-plain-text-wpa-psks-yes-really/},
	author = {Munro, Ken},
	urldate = {2021-11-23},
	date = {2015-06-08},
	file = {Hacking kettles & extracting plain text WPA PSKs. Yes really! | Pen Test Partners:/home/calozano/Zotero/storage/657V3XHI/hacking-kettles-extracting-plain-text-wpa-psks-yes-really.html:text/html},
}

@article{evans_iot_2011,
	title = {How the Next Evolution of the Internet Is Changing Everything},
	url = {https://www.cisco.com/c/dam/en_us/about/ac79/docs/innov/IoT_IBSG_0411FINAL.pdf},
	pages = {11},
	author = {Evans, Dave},
	year = {2011},
	langid = {english},
	file = {Evans - 2011 - How the Next Evolution of the Internet Is Changing.pdf:/home/calozano/Zotero/storage/7PM6KIT8/Evans - 2011 - How the Next Evolution of the Internet Is Changing.pdf:application/pdf},
}

 @online{Ken_2018, 
 	 title={Totally Pwning the Tapplock Smart Lock | Pen Test Partners}, 
	 url={https://www.pentestpartners.com/security-blog/totally-pwning-the-tapplock-smart-lock/}, 
	 abstractNote={TL;DR – How to open a Tapplock over BLE in under two seconds: Totally Pwning the Tapplock Smart Lock A couple of weekends ago, a YouTuber called JerryRigEverything posted a […]}, 
	 journal={Pen Test Partners}, 
	 author={Ken, Munro}, 
	 year={2018}, 
	 month={Jun}
}
